@misc{example,
   author = "Wikipedia",
   title = "LaTeX --- Wikipedia{,} The Free Encyclopedia",
   year = 2011,
   howpublished = "\url{https://en.wikipedia.org/w/index.php?title=LaTeX}",
   note = "[Online; zugegriffen am 12.12.2016]"
}

@book{masterAngular2Components,
	author = "{Gion Kunz}",
	isbn = "{978-1785884641}",
	publisher = {Packt Publishing},
	Series = {Pearson Studium},
	Title = {Mastering Angular 2 Components},
	Url = {https://www.amazon.de/Mastering-Angular-Components-Gion-Kunz/dp/1785884646/ref=sr_1_1?ie=UTF8&qid=1490655556&sr=8-1&keywords=Mastering+Angular+2+Components},
	Year = 2016
}

@book{book_example,
	author = {Peter Babington},
	title = {The title of the work},
	publisher = {The name of the publisher},
	year = 1993,
	month = 7,
	day = 12,
	volume = 4,
	series = 10,
	address = {The address},
	edition = 3,
	note = {An optional note},
	isbn = {3257227892}
}
